
@techreport{Manning2024Automated,
 title = "Automated Social Science: Language Models as Scientist and Subjects",
 author = "Manning, Benjamin S and Zhu, Kehang and Horton, John J",
 institution = "National Bureau of Economic Research",
 type = "Working Paper",
 series = "Working Paper Series",
 number = "32381",
 year = "2024",
 month = "April",
 doi = {10.3386/w32381},
 URL = "http://www.nber.org/papers/w32381"}
