@misc{Jahani2024Adapt,
      title={Prompt Adaptation as a Dynamic Complement in Generative AI Systems}, 
      author={Eaman Jahani and Benjamin S. Manning and Joe Zhang and Hong-Yi TuYe and Mohammed Alsobay and Christos Nicolaides and Siddharth Suri and David Holtz},
      year={2025},
      eprint={2407.14333},
      archivePrefix={arXiv},
      primaryClass={cs.HC},
      url={https://arxiv.org/abs/2407.14333}, 
}
