@article{Gandhi2024EffectSize,
author = {Linnea Gandhi and Benjamin S. Manning and Angela L. Duckworth},
title ={Effect Size Magnification: No Variable Is as Important as the One You’re Thinking About—While You’re Thinking About It},
journal = {Current Directions in Psychological Science},
volume = {33},
number = {6},
pages = {347-354},
year = {2024},
doi = {10.1177/09637214241268222},
URL = {https://doi.org/10.1177/09637214241268222},
eprint = { https://doi.org/10.1177/09637214241268222}
}


