@book{shahidi2025coasean,
  author    = {Peyman Shahidi and Gili Rusak and Benjamin S. Manning and Andrey Fradkin and John J. Horton},
  title     = {The Coasean Singularity: Demand, Supply, and Market Design with {AI} Agents},
  booktitle = {The Economics of Transformative {AI}},
  publisher = {University of Chicago Press},
  year      = {2025},
  chapter   = {7},
  url       = {https://www.nber.org/books-and-chapters/economics-transformative-ai/coasean-singularity-demand-supply-and-market-design-ai-agents}
}
