@inproceedings{Horton2024Silicus,
author = {Filippas, Apostolos and Horton, John J. and Manning, Benjamin S.},
title = {Large Language Models as Simulated Economic Agents: What Can We Learn from Homo Silicus?},
year = {2024},
isbn = {9798400707049},
publisher = {Association for Computing Machinery},
address = {New York, NY, USA},
url = {https://doi.org/10.1145/3670865.3673513},
doi = {10.1145/3670865.3673513},
booktitle = {Proceedings of the 25th ACM Conference on Economics and Computation},
pages = {614â€“615},
numpages = {2},
keywords = {artificial intelligence, experimentation, simulation and modelling},
location = {New Haven, CT, USA},
series = {EC '24}
}
