@techreport{Manning2025General,
 title = "General Agents",
 author = "Manning, Benjamin S and Horton, John J",
 year = "2025",
 month = "August"}
